@article{spc,
    author  = {Kaustubh Sadekar and David Maier and Atul Ingle},
    title   = {Single-Photon 3D Imaging with Equi-Depth Photon Histograms},
    year    = {2025},
    journal = {European Conference on Computer Vision},
    pages   = {381--398}
}

@misc{sadekar,
  author       = {Kaustubh Sadekar},
  title        = {Personal communication},
  year         = {2025},
}

@misc{ingle,
  author       = {Atul Ingle},
  title        = {Personal communication},
  year         = {2025},
}